<record><leader>02668cam a2200421 i 4500</leader><controlfield tag="001">6775942</controlfield><controlfield tag="003">OCoLC</controlfield><controlfield tag="005">20141231091950.0</controlfield><controlfield tag="008">140325s2015    nyu      b    001 0 eng  </controlfield><datafield ind1=" " ind2=" " tag="010"><subfield code="a">  2014009452</subfield></datafield><datafield ind1=" " ind2=" " tag="020"><subfield code="a">9781138776241 (hardback)</subfield></datafield><datafield ind1=" " ind2=" " tag="020"><subfield code="a">1138776246 (hardback)</subfield></datafield><datafield ind1=" " ind2=" " tag="020"><subfield code="z">9781315773346 (ebk)</subfield></datafield><datafield ind1=" " ind2=" " tag="040"><subfield code="a">DLC</subfield><subfield code="b">eng</subfield><subfield code="e">rda</subfield><subfield code="c">DLC</subfield><subfield code="d">YDX</subfield><subfield code="d">YDXCP</subfield><subfield code="d">BTCTA</subfield><subfield code="d">OCLCF</subfield><subfield code="d">UAB</subfield></datafield><datafield ind1=" " ind2=" " tag="042"><subfield code="a">pcc</subfield></datafield><datafield ind1=" " ind2=" " tag="043"><subfield code="a">n-us---</subfield></datafield><datafield ind1="0" ind2="0" tag="050"><subfield code="a">LB1025.3</subfield><subfield code="b">.G686 2015</subfield></datafield><datafield ind1="0" ind2="0" tag="082"><subfield code="a">371.102</subfield><subfield code="2">23</subfield></datafield><datafield ind1=" " ind2=" " tag="084"><subfield code="a">EDU034000</subfield><subfield code="a">EDU040000</subfield><subfield code="a">EDU030000</subfield><subfield code="2">bisacsh</subfield></datafield><datafield ind1=" " ind2=" " tag="090"><subfield code="a">LB 1025.3 G686 2015</subfield><subfield code="b">AEU</subfield></datafield><datafield ind1="1" ind2=" " tag="100"><subfield code="a">Gottlieb, Derek,</subfield><subfield code="e">author.</subfield></datafield><datafield ind1="1" ind2="0" tag="245"><subfield code="a">Education reform and the concept of good teaching /</subfield><subfield code="c">Derek Gottlieb.</subfield></datafield><datafield ind1=" " ind2="1" tag="264"><subfield code="a">New York :</subfield><subfield code="b">Routledge, Taylor &amp; Francis Group,</subfield><subfield code="c">2015.</subfield></datafield><datafield ind1=" " ind2=" " tag="300"><subfield code="a">xxii, 245 pages ;</subfield><subfield code="c">24 cm.</subfield></datafield><datafield ind1=" " ind2=" " tag="336"><subfield code="a">text</subfield><subfield code="2">rdacontent</subfield></datafield><datafield ind1=" " ind2=" " tag="337"><subfield code="a">unmediated</subfield><subfield code="2">rdamedia</subfield></datafield><datafield ind1=" " ind2=" " tag="338"><subfield code="a">volume</subfield><subfield code="2">rdacarrier</subfield></datafield><datafield ind1="1" ind2=" " tag="490"><subfield code="a">Routledge international studies in the philosophy of education ;</subfield><subfield code="v">34</subfield></datafield><datafield ind1=" " ind2=" " tag="504"><subfield code="a">Includes bibliographical references and index.</subfield></datafield><datafield ind1=" " ind2=" " tag="520"><subfield code="a">"In an effort to address the problems confronting the American education system, the Obama administration has issued structural and systematic reforms such as Race to the Top. These initiatives introduce new statistics and accountability systems to gauge what constitutes "good" teaching, both from an administrative standpoint and the perspective of teacher training programs. This volume offers a direct critique of this approach, concluding that it does not respond adequately to the issues of education reform but rather raises new problems and actively stymies progress. The author argues that at the heart of the confusion lies a misguided and rationalistic view of teaching and learning. He draws on the philosophical strategies of Ludwig Wittgenstein to break down the guiding assumptions of Race to the Top, allowing both the positive and the negative aspects of the policies to be heard. The author then proposes a different view of teaching and learning which considers how to effectively address the problems Race to the Top seeks to confront. "--</subfield><subfield code="c">Provided by publisher.</subfield></datafield><datafield ind1=" " ind2=" " tag="596"><subfield code="a">41</subfield></datafield><datafield ind1=" " ind2="0" tag="650"><subfield code="a">Effective teaching</subfield><subfield code="z">United States.</subfield></datafield><datafield ind1=" " ind2="0" tag="650"><subfield code="a">Teacher effectiveness</subfield><subfield code="z">United States.</subfield></datafield><datafield ind1=" " ind2="0" tag="650"><subfield code="a">Educational change</subfield><subfield code="z">United States.</subfield></datafield><datafield ind1=" " ind2="0" tag="650"><subfield code="a">Educational accountability</subfield><subfield code="z">United States.</subfield></datafield><datafield ind1=" " ind2="0" tag="830"><subfield code="a">Routledge international studies in the philosophy of education ;</subfield><subfield code="v">34.</subfield></datafield><datafield ind1=" " ind2=" " tag="949"><subfield code="a">LB 1025.3 G686 2015</subfield><subfield code="c">1</subfield><subfield code="h">UAED-B</subfield><subfield code="i">0162035218088</subfield></datafield><datafield ind1=" " ind2=" " tag="926"><subfield code="a">LB 1025.3 G686 2015</subfield><subfield code="w">LC</subfield><subfield code="c">1</subfield><subfield code="i">0162035218088</subfield><subfield code="d">7/3/2015</subfield><subfield code="e">6/27/2015</subfield><subfield code="l">FLOOR_2</subfield><subfield code="m">UAEDUC</subfield><subfield code="n">2</subfield><subfield code="p">$150.00</subfield><subfield code="r">Y</subfield><subfield code="s">Y</subfield><subfield code="t">BOOK</subfield><subfield code="u">1/14/2015</subfield></datafield></record>